<?xml version="1.0" encoding="UTF-8"?><collection xmlns="http://www.loc.gov/MARC21/slim"><record><leader>00393nam--2200133-i-4500</leader><controlfield tag="001">000019552</controlfield><controlfield tag="002">20161230</controlfield><controlfield tag="005">20161230201033</controlfield><controlfield tag="008">060222s1000------------r-----000-0-eng-d</controlfield><datafield ind1=" " ind2=" " tag="080"><subfield code="a">541.1:54.145</subfield></datafield><datafield ind1=" " ind2=" " tag="245"><subfield code="a">Electrons in fluids.the nature of metal- ammonia solutions.with 271 figures</subfield></datafield><datafield ind1=" " ind2=" " tag="260"><subfield code="a">Berlin, Springer-verlag, 1973. Xii + 493 P</subfield></datafield><datafield ind1=" " ind2=" " tag="700"><subfield code="a">Jortner, J., Kestner, N.R</subfield></datafield><datafield ind1=" " ind2=" " tag="852"><subfield code="a">42191</subfield></datafield></record></collection>